%YAML 1.1
%TAG !u! tag:unity3d.com,2011:
--- !u!1 &706498671872860398
GameObject:
  m_ObjectHideFlags: 0
  m_CorrespondingSourceObject: {fileID: 0}
  m_PrefabInstance: {fileID: 0}
  m_PrefabAsset: {fileID: 0}
  serializedVersion: 6
  m_Component:
  - component: {fileID: 2637151998673471439}
  - component: {fileID: 3863518517753902824}
  m_Layer: 9
  m_Name: set1
  m_TagString: Untagged
  m_Icon: {fileID: 0}
  m_NavMeshLayer: 0
  m_StaticEditorFlags: 0
  m_IsActive: 1
--- !u!4 &2637151998673471439
Transform:
  m_ObjectHideFlags: 0
  m_CorrespondingSourceObject: {fileID: 0}
  m_PrefabInstance: {fileID: 0}
  m_PrefabAsset: {fileID: 0}
  m_GameObject: {fileID: 706498671872860398}
  m_LocalRotation: {x: 0, y: 0, z: 0, w: 1}
  m_LocalPosition: {x: 0, y: 0.5, z: 0}
  m_LocalScale: {x: 1, y: 1, z: 1}
  m_Children:
  - {fileID: 4878651512283367777}
  - {fileID: 1715619360269224067}
  - {fileID: 203444999202095148}
  - {fileID: 4666569661790748116}
  - {fileID: 1435913689586011915}
  m_Father: {fileID: 0}
  m_RootOrder: 0
  m_LocalEulerAnglesHint: {x: 0, y: 0, z: 0}
--- !u!114 &3863518517753902824
MonoBehaviour:
  m_ObjectHideFlags: 0
  m_CorrespondingSourceObject: {fileID: 0}
  m_PrefabInstance: {fileID: 0}
  m_PrefabAsset: {fileID: 0}
  m_GameObject: {fileID: 706498671872860398}
  m_Enabled: 1
  m_EditorHideFlags: 0
  m_Script: {fileID: 11500000, guid: 8460334b1c78f3f4aa2f23d3781550a5, type: 3}
  m_Name: 
  m_EditorClassIdentifier: 
  pieceType: 1
  sizeReference: {fileID: 1435913689586011915}
  activated: 0
--- !u!1 &5686787753374077641
GameObject:
  m_ObjectHideFlags: 0
  m_CorrespondingSourceObject: {fileID: 0}
  m_PrefabInstance: {fileID: 0}
  m_PrefabAsset: {fileID: 0}
  serializedVersion: 6
  m_Component:
  - component: {fileID: 1435913689586011915}
  m_Layer: 9
  m_Name: refSize
  m_TagString: Untagged
  m_Icon: {fileID: 0}
  m_NavMeshLayer: 0
  m_StaticEditorFlags: 0
  m_IsActive: 1
--- !u!4 &1435913689586011915
Transform:
  m_ObjectHideFlags: 0
  m_CorrespondingSourceObject: {fileID: 0}
  m_PrefabInstance: {fileID: 0}
  m_PrefabAsset: {fileID: 0}
  m_GameObject: {fileID: 5686787753374077641}
  m_LocalRotation: {x: 0, y: 0, z: 0, w: 1}
  m_LocalPosition: {x: 0, y: 0, z: 0}
  m_LocalScale: {x: 10, y: 1, z: 1}
  m_Children: []
  m_Father: {fileID: 2637151998673471439}
  m_RootOrder: 4
  m_LocalEulerAnglesHint: {x: 0, y: 0, z: 0}
--- !u!1001 &920571784942040709
PrefabInstance:
  m_ObjectHideFlags: 0
  serializedVersion: 2
  m_Modification:
    m_TransformParent: {fileID: 2637151998673471439}
    m_Modifications:
    - target: {fileID: 1449264865175889346, guid: 2625d5db7c942c4478e4424020f8b8b0,
        type: 3}
      propertyPath: m_Name
      value: house
      objectReference: {fileID: 0}
    - target: {fileID: 1449264865175889346, guid: 2625d5db7c942c4478e4424020f8b8b0,
        type: 3}
      propertyPath: m_Layer
      value: 9
      objectReference: {fileID: 0}
    - target: {fileID: 1948261619454115334, guid: 2625d5db7c942c4478e4424020f8b8b0,
        type: 3}
      propertyPath: m_LocalPosition.x
      value: 0
      objectReference: {fileID: 0}
    - target: {fileID: 1948261619454115334, guid: 2625d5db7c942c4478e4424020f8b8b0,
        type: 3}
      propertyPath: m_LocalPosition.y
      value: 0
      objectReference: {fileID: 0}
    - target: {fileID: 1948261619454115334, guid: 2625d5db7c942c4478e4424020f8b8b0,
        type: 3}
      propertyPath: m_LocalPosition.z
      value: 0
      objectReference: {fileID: 0}
    - target: {fileID: 1948261619454115334, guid: 2625d5db7c942c4478e4424020f8b8b0,
        type: 3}
      propertyPath: m_LocalRotation.x
      value: 0
      objectReference: {fileID: 0}
    - target: {fileID: 1948261619454115334, guid: 2625d5db7c942c4478e4424020f8b8b0,
        type: 3}
      propertyPath: m_LocalRotation.y
      value: 0
      objectReference: {fileID: 0}
    - target: {fileID: 1948261619454115334, guid: 2625d5db7c942c4478e4424020f8b8b0,
        type: 3}
      propertyPath: m_LocalRotation.z
      value: 0
      objectReference: {fileID: 0}
    - target: {fileID: 1948261619454115334, guid: 2625d5db7c942c4478e4424020f8b8b0,
        type: 3}
      propertyPath: m_LocalRotation.w
      value: 1
      objectReference: {fileID: 0}
    - target: {fileID: 1948261619454115334, guid: 2625d5db7c942c4478e4424020f8b8b0,
        type: 3}
      propertyPath: m_RootOrder
      value: 1
      objectReference: {fileID: 0}
    - target: {fileID: 1948261619454115334, guid: 2625d5db7c942c4478e4424020f8b8b0,
        type: 3}
      propertyPath: m_LocalEulerAnglesHint.x
      value: 0
      objectReference: {fileID: 0}
    - target: {fileID: 1948261619454115334, guid: 2625d5db7c942c4478e4424020f8b8b0,
        type: 3}
      propertyPath: m_LocalEulerAnglesHint.y
      value: 0
      objectReference: {fileID: 0}
    - target: {fileID: 1948261619454115334, guid: 2625d5db7c942c4478e4424020f8b8b0,
        type: 3}
      propertyPath: m_LocalEulerAnglesHint.z
      value: 0
      objectReference: {fileID: 0}
    - target: {fileID: 3962153004969651999, guid: 2625d5db7c942c4478e4424020f8b8b0,
        type: 3}
      propertyPath: m_Layer
      value: 9
      objectReference: {fileID: 0}
    - target: {fileID: 7345622677100088793, guid: 2625d5db7c942c4478e4424020f8b8b0,
        type: 3}
      propertyPath: m_Layer
      value: 9
      objectReference: {fileID: 0}
    - target: {fileID: 5791718150900194898, guid: 2625d5db7c942c4478e4424020f8b8b0,
        type: 3}
      propertyPath: m_Layer
      value: 9
      objectReference: {fileID: 0}
    - target: {fileID: 5943480536388762571, guid: 2625d5db7c942c4478e4424020f8b8b0,
        type: 3}
      propertyPath: m_Layer
      value: 9
      objectReference: {fileID: 0}
    - target: {fileID: 269358450917857852, guid: 2625d5db7c942c4478e4424020f8b8b0,
        type: 3}
      propertyPath: m_Layer
      value: 9
      objectReference: {fileID: 0}
    - target: {fileID: 6172545840401500800, guid: 2625d5db7c942c4478e4424020f8b8b0,
        type: 3}
      propertyPath: m_SortingOrder
      value: 1
      objectReference: {fileID: 0}
    - target: {fileID: 6103235612633754814, guid: 2625d5db7c942c4478e4424020f8b8b0,
        type: 3}
      propertyPath: m_SortingOrder
      value: 1
      objectReference: {fileID: 0}
    - target: {fileID: 8617396108505133312, guid: 2625d5db7c942c4478e4424020f8b8b0,
        type: 3}
      propertyPath: m_SortingOrder
      value: 1
      objectReference: {fileID: 0}
    m_RemovedComponents: []
  m_SourcePrefab: {fileID: 100100000, guid: 2625d5db7c942c4478e4424020f8b8b0, type: 3}
--- !u!4 &1715619360269224067 stripped
Transform:
  m_CorrespondingSourceObject: {fileID: 1948261619454115334, guid: 2625d5db7c942c4478e4424020f8b8b0,
    type: 3}
  m_PrefabInstance: {fileID: 920571784942040709}
  m_PrefabAsset: {fileID: 0}
--- !u!1001 &1279503128847897250
PrefabInstance:
  m_ObjectHideFlags: 0
  serializedVersion: 2
  m_Modification:
    m_TransformParent: {fileID: 2637151998673471439}
    m_Modifications:
    - target: {fileID: 8572891027526846824, guid: b2b5136b44fe3ab429f13b4d5d522ebe,
        type: 3}
      propertyPath: m_Name
      value: bush
      objectReference: {fileID: 0}
    - target: {fileID: 8572891027526846824, guid: b2b5136b44fe3ab429f13b4d5d522ebe,
        type: 3}
      propertyPath: m_Layer
      value: 9
      objectReference: {fileID: 0}
    - target: {fileID: 5837590025551490934, guid: b2b5136b44fe3ab429f13b4d5d522ebe,
        type: 3}
      propertyPath: m_LocalPosition.x
      value: -3.36
      objectReference: {fileID: 0}
    - target: {fileID: 5837590025551490934, guid: b2b5136b44fe3ab429f13b4d5d522ebe,
        type: 3}
      propertyPath: m_LocalPosition.y
      value: -2.13
      objectReference: {fileID: 0}
    - target: {fileID: 5837590025551490934, guid: b2b5136b44fe3ab429f13b4d5d522ebe,
        type: 3}
      propertyPath: m_LocalPosition.z
      value: 0
      objectReference: {fileID: 0}
    - target: {fileID: 5837590025551490934, guid: b2b5136b44fe3ab429f13b4d5d522ebe,
        type: 3}
      propertyPath: m_LocalRotation.x
      value: 0
      objectReference: {fileID: 0}
    - target: {fileID: 5837590025551490934, guid: b2b5136b44fe3ab429f13b4d5d522ebe,
        type: 3}
      propertyPath: m_LocalRotation.y
      value: 0
      objectReference: {fileID: 0}
    - target: {fileID: 5837590025551490934, guid: b2b5136b44fe3ab429f13b4d5d522ebe,
        type: 3}
      propertyPath: m_LocalRotation.z
      value: 0
      objectReference: {fileID: 0}
    - target: {fileID: 5837590025551490934, guid: b2b5136b44fe3ab429f13b4d5d522ebe,
        type: 3}
      propertyPath: m_LocalRotation.w
      value: 1
      objectReference: {fileID: 0}
    - target: {fileID: 5837590025551490934, guid: b2b5136b44fe3ab429f13b4d5d522ebe,
        type: 3}
      propertyPath: m_RootOrder
      value: 3
      objectReference: {fileID: 0}
    - target: {fileID: 5837590025551490934, guid: b2b5136b44fe3ab429f13b4d5d522ebe,
        type: 3}
      propertyPath: m_LocalEulerAnglesHint.x
      value: 0
      objectReference: {fileID: 0}
    - target: {fileID: 5837590025551490934, guid: b2b5136b44fe3ab429f13b4d5d522ebe,
        type: 3}
      propertyPath: m_LocalEulerAnglesHint.y
      value: 0
      objectReference: {fileID: 0}
    - target: {fileID: 5837590025551490934, guid: b2b5136b44fe3ab429f13b4d5d522ebe,
        type: 3}
      propertyPath: m_LocalEulerAnglesHint.z
      value: 0
      objectReference: {fileID: 0}
    - target: {fileID: 5837590025551490934, guid: b2b5136b44fe3ab429f13b4d5d522ebe,
        type: 3}
      propertyPath: m_LocalScale.x
      value: 0.9
      objectReference: {fileID: 0}
    - target: {fileID: 5837590025551490934, guid: b2b5136b44fe3ab429f13b4d5d522ebe,
        type: 3}
      propertyPath: m_LocalScale.y
      value: 0.84
      objectReference: {fileID: 0}
    - target: {fileID: 1716240482422697990, guid: b2b5136b44fe3ab429f13b4d5d522ebe,
        type: 3}
      propertyPath: m_Layer
      value: 9
      objectReference: {fileID: 0}
    - target: {fileID: 4560537466646818325, guid: b2b5136b44fe3ab429f13b4d5d522ebe,
        type: 3}
      propertyPath: m_Layer
      value: 9
      objectReference: {fileID: 0}
    - target: {fileID: 4477090665536052680, guid: b2b5136b44fe3ab429f13b4d5d522ebe,
        type: 3}
      propertyPath: m_Layer
      value: 9
      objectReference: {fileID: 0}
    - target: {fileID: 3975656013849794000, guid: b2b5136b44fe3ab429f13b4d5d522ebe,
        type: 3}
      propertyPath: m_Layer
      value: 9
      objectReference: {fileID: 0}
    - target: {fileID: 2184243181861704644, guid: b2b5136b44fe3ab429f13b4d5d522ebe,
        type: 3}
      propertyPath: m_Layer
      value: 9
      objectReference: {fileID: 0}
    m_RemovedComponents: []
  m_SourcePrefab: {fileID: 100100000, guid: b2b5136b44fe3ab429f13b4d5d522ebe, type: 3}
--- !u!4 &4666569661790748116 stripped
Transform:
  m_CorrespondingSourceObject: {fileID: 5837590025551490934, guid: b2b5136b44fe3ab429f13b4d5d522ebe,
    type: 3}
  m_PrefabInstance: {fileID: 1279503128847897250}
  m_PrefabAsset: {fileID: 0}
--- !u!1001 &2877819137878051339
PrefabInstance:
  m_ObjectHideFlags: 0
  serializedVersion: 2
  m_Modification:
    m_TransformParent: {fileID: 2637151998673471439}
    m_Modifications:
    - target: {fileID: 2003369946233036014, guid: a1f5b9f389e6487448d83130bb10e8c3,
        type: 3}
      propertyPath: m_Name
      value: tree1
      objectReference: {fileID: 0}
    - target: {fileID: 2003369946233036014, guid: a1f5b9f389e6487448d83130bb10e8c3,
        type: 3}
      propertyPath: m_Layer
      value: 9
      objectReference: {fileID: 0}
    - target: {fileID: 7225008493556155242, guid: a1f5b9f389e6487448d83130bb10e8c3,
        type: 3}
      propertyPath: m_LocalPosition.x
      value: -3.21
      objectReference: {fileID: 0}
    - target: {fileID: 7225008493556155242, guid: a1f5b9f389e6487448d83130bb10e8c3,
        type: 3}
      propertyPath: m_LocalPosition.y
      value: -0.42
      objectReference: {fileID: 0}
    - target: {fileID: 7225008493556155242, guid: a1f5b9f389e6487448d83130bb10e8c3,
        type: 3}
      propertyPath: m_LocalPosition.z
      value: -0.53
      objectReference: {fileID: 0}
    - target: {fileID: 7225008493556155242, guid: a1f5b9f389e6487448d83130bb10e8c3,
        type: 3}
      propertyPath: m_LocalRotation.x
      value: 0
      objectReference: {fileID: 0}
    - target: {fileID: 7225008493556155242, guid: a1f5b9f389e6487448d83130bb10e8c3,
        type: 3}
      propertyPath: m_LocalRotation.y
      value: 0
      objectReference: {fileID: 0}
    - target: {fileID: 7225008493556155242, guid: a1f5b9f389e6487448d83130bb10e8c3,
        type: 3}
      propertyPath: m_LocalRotation.z
      value: 0
      objectReference: {fileID: 0}
    - target: {fileID: 7225008493556155242, guid: a1f5b9f389e6487448d83130bb10e8c3,
        type: 3}
      propertyPath: m_LocalRotation.w
      value: 1
      objectReference: {fileID: 0}
    - target: {fileID: 7225008493556155242, guid: a1f5b9f389e6487448d83130bb10e8c3,
        type: 3}
      propertyPath: m_RootOrder
      value: 0
      objectReference: {fileID: 0}
    - target: {fileID: 7225008493556155242, guid: a1f5b9f389e6487448d83130bb10e8c3,
        type: 3}
      propertyPath: m_LocalEulerAnglesHint.x
      value: 0
      objectReference: {fileID: 0}
    - target: {fileID: 7225008493556155242, guid: a1f5b9f389e6487448d83130bb10e8c3,
        type: 3}
      propertyPath: m_LocalEulerAnglesHint.y
      value: 0
      objectReference: {fileID: 0}
    - target: {fileID: 7225008493556155242, guid: a1f5b9f389e6487448d83130bb10e8c3,
        type: 3}
      propertyPath: m_LocalEulerAnglesHint.z
      value: 0
      objectReference: {fileID: 0}
    - target: {fileID: 8176728937677397751, guid: a1f5b9f389e6487448d83130bb10e8c3,
        type: 3}
      propertyPath: m_Layer
      value: 9
      objectReference: {fileID: 0}
    - target: {fileID: 1733411093662746016, guid: a1f5b9f389e6487448d83130bb10e8c3,
        type: 3}
      propertyPath: m_Layer
      value: 9
      objectReference: {fileID: 0}
    - target: {fileID: 1881582932039230060, guid: a1f5b9f389e6487448d83130bb10e8c3,
        type: 3}
      propertyPath: m_Layer
      value: 9
      objectReference: {fileID: 0}
    - target: {fileID: 6798452702317893430, guid: a1f5b9f389e6487448d83130bb10e8c3,
        type: 3}
      propertyPath: m_Layer
      value: 9
      objectReference: {fileID: 0}
    - target: {fileID: 8112266617896196835, guid: a1f5b9f389e6487448d83130bb10e8c3,
        type: 3}
      propertyPath: m_Layer
      value: 9
      objectReference: {fileID: 0}
    - target: {fileID: 8523780122923955977, guid: a1f5b9f389e6487448d83130bb10e8c3,
        type: 3}
      propertyPath: m_Layer
      value: 9
      objectReference: {fileID: 0}
    m_RemovedComponents: []
  m_SourcePrefab: {fileID: 100100000, guid: a1f5b9f389e6487448d83130bb10e8c3, type: 3}
--- !u!4 &4878651512283367777 stripped
Transform:
  m_CorrespondingSourceObject: {fileID: 7225008493556155242, guid: a1f5b9f389e6487448d83130bb10e8c3,
    type: 3}
  m_PrefabInstance: {fileID: 2877819137878051339}
  m_PrefabAsset: {fileID: 0}
--- !u!1001 &4008768913070082650
PrefabInstance:
  m_ObjectHideFlags: 0
  serializedVersion: 2
  m_Modification:
    m_TransformParent: {fileID: 2637151998673471439}
    m_Modifications:
    - target: {fileID: 3850799990367488630, guid: e1dc01f5afed1934893022ba80ea56d0,
        type: 3}
      propertyPath: m_LocalPosition.x
      value: -0.27172852
      objectReference: {fileID: 0}
    - target: {fileID: 3850799990367488630, guid: e1dc01f5afed1934893022ba80ea56d0,
        type: 3}
      propertyPath: m_LocalPosition.y
      value: 5.08
      objectReference: {fileID: 0}
    - target: {fileID: 3850799990367488630, guid: e1dc01f5afed1934893022ba80ea56d0,
        type: 3}
      propertyPath: m_LocalPosition.z
      value: -0.024058975
      objectReference: {fileID: 0}
    - target: {fileID: 3850799990367488630, guid: e1dc01f5afed1934893022ba80ea56d0,
        type: 3}
      propertyPath: m_LocalRotation.x
      value: 0
      objectReference: {fileID: 0}
    - target: {fileID: 3850799990367488630, guid: e1dc01f5afed1934893022ba80ea56d0,
        type: 3}
      propertyPath: m_LocalRotation.y
      value: 0
      objectReference: {fileID: 0}
    - target: {fileID: 3850799990367488630, guid: e1dc01f5afed1934893022ba80ea56d0,
        type: 3}
      propertyPath: m_LocalRotation.z
      value: 0
      objectReference: {fileID: 0}
    - target: {fileID: 3850799990367488630, guid: e1dc01f5afed1934893022ba80ea56d0,
        type: 3}
      propertyPath: m_LocalRotation.w
      value: 1
      objectReference: {fileID: 0}
    - target: {fileID: 3850799990367488630, guid: e1dc01f5afed1934893022ba80ea56d0,
        type: 3}
      propertyPath: m_RootOrder
      value: 2
      objectReference: {fileID: 0}
    - target: {fileID: 3850799990367488630, guid: e1dc01f5afed1934893022ba80ea56d0,
        type: 3}
      propertyPath: m_LocalEulerAnglesHint.x
      value: 0
      objectReference: {fileID: 0}
    - target: {fileID: 3850799990367488630, guid: e1dc01f5afed1934893022ba80ea56d0,
        type: 3}
      propertyPath: m_LocalEulerAnglesHint.y
      value: 0
      objectReference: {fileID: 0}
    - target: {fileID: 3850799990367488630, guid: e1dc01f5afed1934893022ba80ea56d0,
        type: 3}
      propertyPath: m_LocalEulerAnglesHint.z
      value: 0
      objectReference: {fileID: 0}
    - target: {fileID: 5706100744645041062, guid: e1dc01f5afed1934893022ba80ea56d0,
        type: 3}
      propertyPath: m_Name
      value: house_upstairs
      objectReference: {fileID: 0}
    - target: {fileID: 5706100744645041062, guid: e1dc01f5afed1934893022ba80ea56d0,
        type: 3}
      propertyPath: m_Layer
      value: 9
      objectReference: {fileID: 0}
    - target: {fileID: 2822451757062002464, guid: e1dc01f5afed1934893022ba80ea56d0,
        type: 3}
      propertyPath: m_Layer
      value: 9
      objectReference: {fileID: 0}
    - target: {fileID: 2431392037925518361, guid: e1dc01f5afed1934893022ba80ea56d0,
        type: 3}
      propertyPath: m_Layer
      value: 9
      objectReference: {fileID: 0}
    - target: {fileID: 1779941935446852249, guid: e1dc01f5afed1934893022ba80ea56d0,
        type: 3}
      propertyPath: m_Layer
      value: 9
      objectReference: {fileID: 0}
    - target: {fileID: 5586203877579536576, guid: e1dc01f5afed1934893022ba80ea56d0,
        type: 3}
      propertyPath: m_Layer
      value: 9
      objectReference: {fileID: 0}
    - target: {fileID: 1137122163360827768, guid: e1dc01f5afed1934893022ba80ea56d0,
        type: 3}
      propertyPath: m_Layer
      value: 9
      objectReference: {fileID: 0}
    - target: {fileID: 3996909700851805421, guid: e1dc01f5afed1934893022ba80ea56d0,
        type: 3}
      propertyPath: m_SortingOrder
      value: 1
      objectReference: {fileID: 0}
    - target: {fileID: 800597832843021746, guid: e1dc01f5afed1934893022ba80ea56d0,
        type: 3}
      propertyPath: m_SortingOrder
      value: 1
      objectReference: {fileID: 0}
    - target: {fileID: 453794695818335905, guid: e1dc01f5afed1934893022ba80ea56d0,
        type: 3}
      propertyPath: m_SortingOrder
      value: 1
      objectReference: {fileID: 0}
    - target: {fileID: 650862752678294112, guid: e1dc01f5afed1934893022ba80ea56d0,
        type: 3}
      propertyPath: m_SortingOrder
      value: 1
      objectReference: {fileID: 0}
    m_RemovedComponents: []
  m_SourcePrefab: {fileID: 100100000, guid: e1dc01f5afed1934893022ba80ea56d0, type: 3}
--- !u!4 &203444999202095148 stripped
Transform:
  m_CorrespondingSourceObject: {fileID: 3850799990367488630, guid: e1dc01f5afed1934893022ba80ea56d0,
    type: 3}
  m_PrefabInstance: {fileID: 4008768913070082650}
  m_PrefabAsset: {fileID: 0}
